1135 1463
102 362 105 366 ,
118 339 152 359 ne
163 331 302 365 praecipites
315 330 362 358 fint
376 331 405 358 in
419 329 540 365 negando
555 337 603 362 eo,
625 330 697 365 quod
714 329 821 357 Veteres
837 329 870 357 de
886 329 950 364 quo'·

116 374 219 400 cunque
227 367 332 393 demum
341 366 450 394 naturali
461 372 570 399 corpore
585 365 704 399 scriptum
718 365 856 400 reliquere3
879 365 907 390 ni
921 364 951 390 il·

115 401 160 427 lud
172 402 242 434 prius
254 401 349 435 ipfimet
361 401 445 435 sstpius
456 400 481 433 &
497 400 570 434 omni
585 401 647 434 anni
661 400 808 434 tempestate
825 399 950 426 examina-

115 436 215 469 verint3
241 434 294 470 quo
310 435 380 462 fasto
394 436 499 461 demum
515 443 575 461 cum
591 435 793 461 orbelitterm'o
808 434 951 461 communi-

115 477 189 502 cent,
230 471 275 496 uid
298 471 365 502 veri,
391 470 512 505 quidnam
533 469 585 496 falfi
601 469 708 496 Veteres
722 469 798 496 nobis
814 469 949 498 tradidere.

114 505 202 540 Atque
235 513 265 531 ac
280 506 381 532 ratione
396 505 483 539 spero,
501 505 569 531 intra
583 505 661 531 breve
678 511 778 539 tempus
792 504 818 530 in
834 504 950 538 ampliffi⁴

115 547 185 566 mam
194 547 332 575 veramque
343 548 430 566 rerum
441 540 619 574 cognitionem
634 539 806 566 deveniemus.
845 539 905 575 Qa
913 539 949 565 de

115 582 145 601 te
164 575 241 601 etiam
259 575 309 602 est:
337 575 409 609 quod
424 575 508 601 nullus
528 574 645 601 dubitem
663 582 777 601 errorem
793 582 879 600 meum
899 581 949 607 pro

96 635 99 637 .
116 609 188 635 nullo
201 616 409 643 computaturum
421 610 467 640 iri,
486 617 565 643 quum
577 617 623 643 per
634 617 693 635 eum
703 610 835 636 veritatem
848 609 950 636 detexe-

115 644 179 675 tim,
197 644 291 679 dejqua
300 644 404 678 ipsemet
415 643 482 671 hanc
493 645 521 670 in
531 652 612 679 usque
626 643 696 670 diem
713 643 884 678 ambigerem,
904 643 948 669 nifi

116 678 283 705 Aius-tomus
298 679 331 704 de
339 679 416 712 stpiae
434 679 490 705 ovis
504 678 593 712 scripta
611 679 779 705 confirmandi
792 679 952 705 occafionem·

115 713 154 740 Cl.
164 712 337 740 ΝοΖΕΜΛΝΝο
348 713 481 745 dedissem,
499 713 543 740 nifi
556 713 582 740 ὅ(
600 713 651 748 ipse
665 713 796 740 noviffime
812 713 850 741 Cl.
863 712 950 742 Nozss-

115 756 205 775 MANNJ
213 748 403 775 observationes
414 756 486 775 veras
497 748 544 774 effe
557 755 674 782 expertus
685 748 791 777 fuiffem.

212 782 315 819 Qaeret
324 782 411 809 autem
430 782 551 818 quispiam
566 791 598 811 ex
611 791 665 814 me,
684 783 746 818 quid
764 791 822 809 eum
839 782 949 810 differta-

114 817 187 843 tione
197 826 254 844 mea
263 818 295 844 de
295 817 417 851 sepiarum
430 818 482 844 ovis
493 817 598 844 fecerim
605 818 619 843 ἲ
638 818 733 844 dicam:
753 818 882 844 confilium
897 818 952 844 Au-

115 851 192 878 storis
202 852 364 879 Bibliotheca:
374 851 521 885 impartialis
530 852 650 887 sequutus
663 853 715 878 sum
722 872 730 884 ,
749 854 794 887 qui
804 854 831 879 in
844 853 895 879 fine
903 853 952 879 Ar-

115 886 187 913 ticuli
204 886 268 913 vnI.
285 887 419 913 exclamat:
438 887 571 922 L’ouvrage
582 888 610 913 dc
625 888 679 913 Inr-
693 887 812 920 Bahaffih
826 895 887 916 aura
903 896 952 914 une=

114 921 267 954 approbativa
272 921 393 957 generale,
400 922 424 955 fi
433 922 491 948 dans
500 930 544 947 une
542 921 640 955 stconde
649 922 734 948 edition
748 922 769 948 il
775 921 882 951 l’intituk
893 922 950 956 sz

105 955 277 990 ssrtationfiaer
285 957 319 982 les
328 955 454 984 veritables
464 955 528 989 oeufs
538 958 569 985 du
582 957 683 983 Calmar.
718 956 781 984 Non
799 963 884 985 tamen
900 957 952 983 dis-.

115 990 278 1017 sertationem
297 992 475 1025 particularem
494 991 527 1019 de
547 992 614 1018 veris
631 992 733 1026 loliginis
752 993 808 1018 ovis
827 992 948 1019 torculari

117 1025 220 1059 subjeci;
232 1024 274 1052 sed
283 1025 379 1052 hancce
391 1027 523 1057 materiam
530 1027 613 1064 *unico
623 1026 746 1055 duntaxat
755 1027 836 1063 capite
846 1027 874 1064 in
886 1026 948 1056 hoc·
992 1040 994 1042 ·

116 1067 146 1087 ce
156 1060 222 1086 libro
236 1060 427 1094 comprehendi.
549 1065 561 1080 ἵ
887 1085 889 1087 ,

211 1095 274 1133 Qae
285 1096 311 1121 in
320 1096 367 1121 reli
385 1096 424 1122 uis
434 1095 558 1132 capitibus
567 1095 689 1130 descripta
702 1095 830 1123 habentur
839 1104 948 1130 corpora

114 1129 226 1161 marina,
243 1130 284 1156 vel
293 1131 352 1157 talia
372 1137 432 1157 unt:
446 1139 500 1165 quae
511 1131 579 1165 apud
594 1131 662 1157 alios.
672 1131 822 1167 pertraflzata
838 1139 893 1159 non
909 1132 947 1158 in-

114 1165 269 1197 veniuntur3
285 1166 325 1192 vel
337 1165 406 1192 valia:
425 1173 537 1199 quorum
554 1166 640 1192 minus
653 1166 781 1200 elegantes
798 1166 823 1193 δι
837 1168 947 1194 naturali

851 1202 913 1228 stru-
