1135 1463
203 322 331 352 stmsturae
339 322 414 351 haud.
420 322 648 358 correspondentes
658 322 675 349 fi
712 332 758 356 me,
773 331 830 350 nec
843 331 899 353 non
913 324 1041 354 ssicdnaae

204 360 339 389 duntaxat,
356 359 493 394 minusque
503 364 623 385 accurata:
633 357 666 384 de
675 359 814 393 criptiones
827 359 856 386 in
867 360 977 392 alimum
988 361 1041 389 Au.

206 393 307 421 storum
319 394 417 427 scriptis
427 400 522 423 extant.
779 399 782 403 ’
974 395 976 397 ’
1000 401 1002 404 ’

284 451 287 453 ,
298 428 387 455 leones
398 428 490 455 tabulis
501 428 577 458 oeneis
586 427 666 455 incisae
678 427 749 462 sunt,
769 429 841 463 juxta
856 429 1040 458 delineatione:

204 463 278 498 super
288 464 353 490 vivis
365 462 516 490 animalibus
526 463 637 497 propriis
656 463 784 490 manubus
799 463 883 494 fastas.
917 464 947 492 In
962 466 1041 493 dime-

202 498 297 527 tiendis
313 498 466 525 animalibus
478 505 555 529 vero,
566 505 622 524 *nec
639 505 694 526 non
709 504 800 525 eorum
816 498 931 533 pastibus
947 501 1040 534 pedem

202 533 360 561 Parifiensem
370 532 484 561 adhibui.
517 533 588 565 *Cum
599 532 651 569 ipsa
662 534 792 565 animalia,
807 540 869 560 -.tum
877 542 973 561 veorum
983 543 1040 569 pat-

202 575 255 600 tes,
275 574 400 603 quantum
416 567 472 594 fieri
486 569 598 601 poterat,
618 569 646 594 in
662 569 773 595 naturali
786 570 965 604 magnitudine
980 570 1040 597 defi·
1056 568 1058 570 ’

192 604 295 638 gnavi,
314 609 344 629 ut
355 610 388 629 eo
400 603 491 629 clarius
501 603 660 637 singulorum
669 602 755 631 forma
765 604 845 630 oculis
859 603 1020 638 objiceretur.

178 640 182 644 ’
297 637 466 672 Microfcopio
482 638 510 664 in
525 638 649 665 rimandis
663 638 820 666 minutiebus
839 638 897 665 usus
914 646 970 666 non
979 639 1040 672 =sum

202 680 234 700 ex
245 680 290 704 eo,
310 672 382 707 quod
391 673 490 699 nullum
501 680 602 699 mecum
614 672 743 700 attulerim
750 693 758 705 ,
778 681 832 701 non
847 674 986 706 praevidens
995 682 1038 701 me

197 708 328 741 ,ejumodi
337 707 528 734 observationes
539 707 675 734 facturum.
691 708 817 734 Praeterea*
824 714 910 738 autem
918 709 1037 736 omnium

201 744 313 778 partium
324 743 555 778 configurationem
564 742 606 769 vel
616 742 689 769 nudo
704 743 746 769 vel
760 742 829 770 lente
844 748 943 770 armato
959 744 1037 771 oculo

194 779 299 812 optime
319 776 395 804 talem
419 777 559 804 discernere
578 778 668 811 potui,
693 777 794 812 qualem
818 777 908 812 figuris
927 778 1037 813 expreffi.

193 813 289 850 .Qare
299 820 332 840 ne
345 813 440 839 mirum
450 813 560 846 cuipiam
574 812 691 839 videatur
698 832 706 843 ‚
726 812 798 847 quod
809 813 937 840 tentacula
944 814 1039 840 Pennae

201 854 295 884 quartae
304 855 319 874 a
331 855 372 875 me
389 847 515 874 delineata
524 847 634 875 multum
645 846 765 880 differant
776 846 809 874 ab
818 847 862 879 iis,
872 855 927 882 quae
936 848 979 876 alii
989 855 1038 875 no-

199 883 240 910 bis
251 882 414 917 proposuere.
439 881 551 909 Forfitan
562 881 740 916 miscroscopio
754 881 885 908 observata
894 883 953 909 talia
962 890 1037 917 appa÷

199 921 272 949 ient,
293 917 376 952 qualia
394 925 409 944 a
421 916 568 944 scamno
586 917 656 950 juxta
672 916 838 945 Mmmsum
851 922 941 944 notata
960 917 1038 944 habe-

199 961 271 986 mus3
308 952 380 983 nudo
395 958 507 980 attamen
516 952 593 979 oculo
610 951 781 983 confiderata,
795 952 855 983 alia,
874 959 951 987 quam
967 953 1048 986 dedi„

199 987 285 1015 forma
297 986 417 1013 instrueta
426 995 481 1013 non
492 986 555 1013 sunt.
590 986 617 1014 Si
632 987 719 1021 itaque
735 986 835 1013 labores
849 986 926 1013 hosce
941 988 1037 1022 quales-
1053 1007 1058 1010 .

199 1030 300 1057 cunque
310 1030 383 1048 meos
396 1021 516 1048 omnibus
529 1022 643 1049 numeris
651 1021 782 1049 absolutos
794 1030 849 1048 non
864 1022 993 1048 inveneris
1010 1022 1036 1049 B.

198 1057 334 1084 L.veniam
347 1057 388 1087 da,
400 1063 476 1091 atque
488 1056 616 1082 defeEtum
626 1057 743 1091 inquieto
753 1063 870 1090 tempore
880 1056 940 1083 belli
949 1057 1038 1084 animo

198 1093 317 1126 imputes,
323 1092 522 1126 perpendasque,
528 1092 600 1126 quod
610 1095 655 1125 per·
668 1091 850 1125 'quadrimestre
860 1090 974 1125 spatium,
1003 1100 1039 1119 uo

198 1135 268 1155 anno
281 1133 360 1161 1757.
368 1126 480 1161 Neapoli
489 1134 589 1153 moram
599 1127 677 1157 traxi,
697 1133 789 1152 omnes
799 1125 944 1153 neceffiiriais
955 1100 1037 1153 obzffl

252 1162 379 1193 vationes,
391 1168 421 1190 ut
432 1168 461 1190 ut
472 1161 563 1187 lubens
573 1161 654 1192 volui,
665 1160 738 1195 supet
749 1160 902 1196 animalibus
911 1162 983 1189 uari—

421 1197 459 1223 m's
469 1195 599 1222 instituere
608 1203 663 1222 non
676 1196 813 1233 potuerim.
